@online{origin,
  author    = {Liu Y Cheng},
  title     = {Some Beamer class for Sun Yetsen University},
  year      = {2020},
  url       = {https://github.com/xsro/SYSU-Beamer-Slide-V2},
}